<record><leader>00000cas a2200000 a 4500</leader><controlfield tag="001">35782601</controlfield><controlfield tag="008">961023d18uu1901miuwr ne      0    0eng c</controlfield><datafield ind1=" " ind2=" " tag="010"><subfield code="a">sn 96077202 </subfield></datafield><datafield ind1=" " ind2=" " tag="040"><subfield code="a">MHN</subfield><subfield code="b">eng</subfield><subfield code="c">MHN</subfield><subfield code="d">OCL</subfield><subfield code="d">OCLCQ</subfield><subfield code="d">OCLCF</subfield><subfield code="d">OCLCO</subfield></datafield><datafield ind1="1" ind2=" " tag="029"><subfield code="a">AU@</subfield><subfield code="b">000012911113</subfield></datafield><datafield ind1=" " ind2=" " tag="042"><subfield code="a">pcc</subfield></datafield><datafield ind1=" " ind2=" " tag="043"><subfield code="a">n-us-mi</subfield></datafield><datafield ind1="0" ind2="0" tag="245"><subfield code="a">Ludington appeal.</subfield></datafield><datafield ind1="1" ind2="3" tag="246"><subfield code="a">Ludington weekly appeal</subfield></datafield><datafield ind1=" " ind2=" " tag="260"><subfield code="a">Ludington, Mich. :</subfield><subfield code="b">William B. Cole</subfield></datafield><datafield ind1=" " ind2=" " tag="300"><subfield code="a">v.</subfield></datafield><datafield ind1=" " ind2=" " tag="310"><subfield code="a">Weekly</subfield></datafield><datafield ind1="1" ind2=" " tag="362"><subfield code="a">Ceased in 1901.</subfield></datafield><datafield ind1=" " ind2=" " tag="500"><subfield code="a">Issue called: Anniversary ed., July 1, 1897.</subfield></datafield><datafield ind1=" " ind2=" " tag="515"><subfield code="a">Issues called: 19th yr., no. 20 (Nov. 12, 1891)-</subfield></datafield><datafield ind1=" " ind2=" " tag="580"><subfield code="a">Continues: Ludington weekly appeal?</subfield></datafield><datafield ind1=" " ind2=" " tag="580"><subfield code="a">Merged with: Ludington record, to form: Ludington record-appeal.</subfield></datafield><datafield ind1=" " ind2=" " tag="588"><subfield code="a">Description based on: Vol. 15, no. 21 (Nov. 10, 1887).</subfield></datafield><datafield ind1=" " ind2="0" tag="651"><subfield code="a">Ludington (Mich.)</subfield><subfield code="v">Newspapers.</subfield></datafield><datafield ind1=" " ind2="0" tag="651"><subfield code="a">Mason County (Mich.)</subfield><subfield code="v">Newspapers.</subfield></datafield><datafield ind1=" " ind2="7" tag="655"><subfield code="a">Newspapers.</subfield><subfield code="2">fast</subfield><subfield code="0">(OCoLC)fst01423814</subfield></datafield><datafield ind1=" " ind2="7" tag="651"><subfield code="a">Michigan</subfield><subfield code="z">Ludington.</subfield><subfield code="2">fast</subfield><subfield code="0">(OCoLC)fst01213446</subfield></datafield><datafield ind1=" " ind2="7" tag="651"><subfield code="a">Michigan</subfield><subfield code="z">Mason County.</subfield><subfield code="2">fast</subfield><subfield code="0">(OCoLC)fst01214744</subfield></datafield><datafield ind1=" " ind2=" " tag="752"><subfield code="a">United States</subfield><subfield code="b">Michigan</subfield><subfield code="c">Mason</subfield><subfield code="d">Ludington.</subfield></datafield><datafield ind1="1" ind2="0" tag="780"><subfield code="t">Ludington weekly appeal</subfield><subfield code="w">(DLC)sn 85026501</subfield><subfield code="w">(OCoLC)12259674</subfield></datafield><datafield ind1="1" ind2="7" tag="785"><subfield code="t">Ludington record</subfield><subfield code="w">(DLC)sn 96077201</subfield><subfield code="w">(OCoLC)35826571</subfield></datafield><datafield ind1="1" ind2="7" tag="785"><subfield code="t">Ludington record-appeal</subfield><subfield code="w">(DLC)sn 96077203</subfield><subfield code="w">(OCoLC)35786332</subfield></datafield></record>